<?xml version="1.0" encoding="UTF-8"?><collection xmlns="http://www.loc.gov/MARC21/slim"><record><leader>00561nam--2200169-u-4500</leader><controlfield tag="001">000054546</controlfield><controlfield tag="002">20161230</controlfield><controlfield tag="005">20161230201051</controlfield><controlfield tag="008">120120s1000------------r-----000-0-eng-d</controlfield><datafield ind1=" " ind2=" " tag="040"><subfield code="a">IFIN-HH</subfield></datafield><datafield ind1=" " ind2=" " tag="080"><subfield code="a">539.12.162.8(061.3)</subfield></datafield><datafield ind1="1" ind2=" " tag="100"><subfield code="a">Zipf, Martha C</subfield></datafield><datafield ind1="1" ind2="0" tag="245"><subfield code="a">Weak interactions - present and future</subfield><subfield code="b">Proceedings of summer institute of particle physics july 10-21, 1978, slac report no. 215</subfield><subfield code="c">Martha c. zipf (ed.)</subfield></datafield><datafield ind1=" " ind2=" " tag="260"><subfield code="a">Stanford, California</subfield><subfield code="b">Stanford University</subfield><subfield code="c">1978</subfield></datafield><datafield ind1=" " ind2=" " tag="300"><subfield code="a">453P</subfield></datafield><datafield ind1=" " ind2=" " tag="852"><subfield code="a">78923</subfield><subfield code="c">539.12</subfield></datafield><datafield ind1=" " ind2=" " tag="CAT"><subfield code="a">Sys</subfield><subfield code="c">20120626</subfield><subfield code="h">164057</subfield></datafield></record></collection>